<?xml version="1.0" encoding="UTF-8"?><collection xmlns="http://www.loc.gov/MARC21/slim"><record><leader>00440nam--2200133-i-4500</leader><controlfield tag="001">000022269</controlfield><controlfield tag="002">20161230</controlfield><controlfield tag="005">20161230201034</controlfield><controlfield tag="008">060222s1000------------r-----000-0-eng-d</controlfield><datafield ind1=" " ind2=" " tag="080"><subfield code="a">539.1.01</subfield></datafield><datafield ind1=" " ind2=" " tag="100"><subfield code="a">Heber, G. And Kaiser, H.J</subfield></datafield><datafield ind1=" " ind2=" " tag="245"><subfield code="a">Functional solution scheme for relativistic strong coupling theory. i pubmitted to zeitschrift  fur naturforschung</subfield></datafield><datafield ind1=" " ind2=" " tag="260"><subfield code="a">Dubna, Joint Institute For Nuclear Research, 1964, 17 P</subfield></datafield><datafield ind1=" " ind2=" " tag="852"><subfield code="a">9434</subfield></datafield></record></collection>